@article{DBLP:journals/corr/abs-1902-09738,
  author    = {Peiliang Li and
               Xiaozhi Chen and
               Shaojie Shen},
  title     = {Stereo {R-CNN} based 3D Object Detection for Autonomous Driving},
  journal   = {CoRR},
  volume    = {abs/1902.09738},
  year      = {2019},
  url       = {http://arxiv.org/abs/1902.09738},
  eprinttype = {arXiv},
  eprint    = {1902.09738},
  timestamp = {Tue, 21 May 2019 18:03:39 +0200},
  biburl    = {https://dblp.org/rec/journals/corr/abs-1902-09738.bib},
  bibsource = {dblp computer science bibliography, https://dblp.org}
}

@INPROCEEDINGS{7780459,
  author={He, Kaiming and Zhang, Xiangyu and Ren, Shaoqing and Sun, Jian},
  booktitle={2016 IEEE Conference on Computer Vision and Pattern Recognition (CVPR)}, 
  title={Deep Residual Learning for Image Recognition}, 
  year={2016},
  volume={},
  number={},
  pages={770-778},
  doi={10.1109/CVPR.2016.90}}
@article{DBLP:journals/corr/RenHG015,
  author    = {Shaoqing Ren and
               Kaiming He and
               Ross B. Girshick and
               Jian Sun},
  title     = {Faster {R-CNN:} Towards Real-Time Object Detection with Region Proposal
               Networks},
  journal   = {CoRR},
  volume    = {abs/1506.01497},
  year      = {2015},
  url       = {http://arxiv.org/abs/1506.01497},
  eprinttype = {arXiv},
  eprint    = {1506.01497},
  timestamp = {Mon, 13 Aug 2018 16:46:02 +0200},
  biburl    = {https://dblp.org/rec/journals/corr/RenHG015.bib},
  bibsource = {dblp computer science bibliography, https://dblp.org}
}